
<?xml version="1.0" encoding="UTF-8"?>
<record
    xmlns:xsi="http://www.w3.org/2001/XMLSchema-instance"
    xsi:schemaLocation="http://www.loc.gov/MARC21/slim http://www.loc.gov/standards/marcxml/schema/MARC21slim.xsd"
    xmlns="http://www.loc.gov/MARC21/slim">

  <leader>01029cam a2200337I  4500</leader>
  <controlfield tag="001">14610</controlfield>
  <controlfield tag="005">20020426081124.0</controlfield>
  <controlfield tag="008">760830s1966    mouac    b    000 0 eng  </controlfield>
  <datafield tag="010" ind1=" " ind2=" ">
    <subfield code="a">65028046</subfield>
  </datafield>
  <datafield tag="015" ind1=" " ind2=" ">
    <subfield code="a">GB66-16898</subfield>
  </datafield>
  <datafield tag="029" ind1="1" ind2=" ">
    <subfield code="a">UKM</subfield>
    <subfield code="b">b6616898</subfield>
  </datafield>
  <datafield tag="035" ind1=" " ind2=" ">
    <subfield code="z">VOY14610</subfield>
  </datafield>
  <datafield tag="035" ind1=" " ind2=" ">
    <subfield code="9">.b10147585</subfield>
    <subfield code="b">mbks </subfield>
    <subfield code="c">-</subfield>
  </datafield>
  <datafield tag="035" ind1=" " ind2=" ">
    <subfield code="9">.b10147585</subfield>
    <subfield code="b">mbks </subfield>
    <subfield code="c">x</subfield>
  </datafield>
  <datafield tag="035" ind1=" " ind2=" ">
    <subfield code="a">(OCoLC)ocm02405121</subfield>
  </datafield>
  <datafield tag="040" ind1=" " ind2=" ">
    <subfield code="a">DLC</subfield>
    <subfield code="c">TOL</subfield>
    <subfield code="d">IUD</subfield>
    <subfield code="d">OCL</subfield>
    <subfield code="d">UKM</subfield>
    <subfield code="d">WaOLN</subfield>
  </datafield>
  <datafield tag="049" ind1=" " ind2=" ">
    <subfield code="a">VVKM</subfield>
  </datafield>
  <datafield tag="050" ind1="0" ind2=" ">
    <subfield code="a">RC924</subfield>
    <subfield code="b">.M25 1966</subfield>
  </datafield>
  <datafield tag="096" ind1=" " ind2=" ">
    <subfield code="a">WE 101 M15 1966</subfield>
  </datafield>
  <datafield tag="100" ind1="1" ind2=" ">
    <subfield code="a">McKusick, Victor A.</subfield>
    <subfield code="q">(Victor Almon),</subfield>
    <subfield code="d">1921-</subfield>
    <subfield code="0">(nnnam)79040</subfield>
  </datafield>
  <datafield tag="245" ind1="1" ind2="0">
    <subfield code="a">Heritable disorders of connective tissue</subfield>
    <subfield code="c">[by] Victor A. McKusick.</subfield>
  </datafield>
  <datafield tag="250" ind1=" " ind2=" ">
    <subfield code="a">3d ed.</subfield>
  </datafield>
  <datafield tag="260" ind1=" " ind2=" ">
    <subfield code="a">Saint Louis :</subfield>
    <subfield code="b">C.V. Mosby Co.,</subfield>
    <subfield code="c">1966.</subfield>
  </datafield>
  <datafield tag="300" ind1=" " ind2=" ">
    <subfield code="a">xviii, 499 p.</subfield>
    <subfield code="b">illus., port.</subfield>
    <subfield code="c">26 cm.</subfield>
  </datafield>
  <datafield tag="504" ind1=" " ind2=" ">
    <subfield code="a">Includes bibliographies.</subfield>
  </datafield>
  <datafield tag="650" ind1=" " ind2="2">
    <subfield code="a">Connective Tissue Diseases.</subfield>
    <subfield code="0">(nnnam)131207</subfield>
  </datafield>
  <datafield tag="650" ind1=" " ind2="0">
    <subfield code="a">Connective tissues</subfield>
    <subfield code="x">Diseases.</subfield>
    <subfield code="0">(nnnam)110444</subfield>
  </datafield>
  <datafield tag="902" ind1=" " ind2=" ">
    <subfield code="a">040408</subfield>
  </datafield>
  <datafield tag="910" ind1=" " ind2=" ">
    <subfield code="a">14610</subfield>
  </datafield>
  <datafield tag="998" ind1=" " ind2=" ">
    <subfield code="b">1</subfield>
    <subfield code="c">020506</subfield>
    <subfield code="d">m</subfield>
    <subfield code="e">a</subfield>
    <subfield code="f">-</subfield>
    <subfield code="g">0</subfield>
  </datafield>
  <datafield tag="999" ind1=" " ind2=" ">
    <subfield code="c">59</subfield>
    <subfield code="d">59</subfield>
  </datafield>
  <datafield tag="952" ind1=" " ind2=" ">
    <subfield code="w">2009-07-16</subfield>
    <subfield code="y">MAIN</subfield>
    <subfield code="r">2009-07-16</subfield>
    <subfield code="4">0</subfield>
    <subfield code="0">0</subfield>
    <subfield code="6">WE_101_M15_1966</subfield>
    <subfield code="9">59</subfield>
    <subfield code="b">NYAM</subfield>
    <subfield code="1">0</subfield>
    <subfield code="o">WE 101 M15 1966</subfield>
    <subfield code="d">2004-05-24</subfield>
    <subfield code="t">1</subfield>
    <subfield code="8">GENERAL</subfield>
    <subfield code="7">0</subfield>
    <subfield code="c">MBKSO</subfield>
    <subfield code="2">z</subfield>
    <subfield code="a">NYAM</subfield>
  </datafield>
</record>