
<?xml version="1.0" encoding="UTF-8"?>
<record
    xmlns:xsi="http://www.w3.org/2001/XMLSchema-instance"
    xsi:schemaLocation="http://www.loc.gov/MARC21/slim http://www.loc.gov/standards/marcxml/schema/MARC21slim.xsd"
    xmlns="http://www.loc.gov/MARC21/slim">

  <leader>00782cam a22002891  4500</leader>
  <controlfield tag="001">5401</controlfield>
  <controlfield tag="005">19930915060929.0</controlfield>
  <controlfield tag="008">810815s1963    xx a          000 0 rus d</controlfield>
  <datafield tag="035" ind1=" " ind2=" ">
    <subfield code="z">VOY5401</subfield>
  </datafield>
  <datafield tag="035" ind1=" " ind2=" ">
    <subfield code="9">.b10055411</subfield>
    <subfield code="b">mbks </subfield>
    <subfield code="c">-</subfield>
  </datafield>
  <datafield tag="035" ind1=" " ind2=" ">
    <subfield code="9">.b10055411</subfield>
    <subfield code="b">mbks </subfield>
    <subfield code="c">x</subfield>
  </datafield>
  <datafield tag="035" ind1=" " ind2=" ">
    <subfield code="a">(OCoLC)ocm14624685</subfield>
  </datafield>
  <datafield tag="040" ind1=" " ind2=" ">
    <subfield code="a">NLM</subfield>
    <subfield code="c">NLM</subfield>
  </datafield>
  <datafield tag="049" ind1=" " ind2=" ">
    <subfield code="a">VVKM</subfield>
  </datafield>
  <datafield tag="060" ind1="0" ind2=" ">
    <subfield code="a">WI 755</subfield>
    <subfield code="b">A947k 1963</subfield>
  </datafield>
  <datafield tag="069" ind1="0" ind2=" ">
    <subfield code="a">40110950R</subfield>
  </datafield>
  <datafield tag="096" ind1=" " ind2=" ">
    <subfield code="a">WI 770 A94 1963</subfield>
  </datafield>
  <datafield tag="100" ind1="1" ind2=" ">
    <subfield code="a">Avdeĭ, L. V.</subfield>
    <subfield code="q">(Leonid Vikent'evich)</subfield>
    <subfield code="0">(nnnam)150429</subfield>
  </datafield>
  <datafield tag="245" ind1="1" ind2="0">
    <subfield code="a">Klinika i khirurgicheskoe lechenie kholetsistita.</subfield>
  </datafield>
  <datafield tag="260" ind1=" " ind2=" ">
    <subfield code="c">1963.</subfield>
  </datafield>
  <datafield tag="300" ind1=" " ind2=" ">
    <subfield code="a">221 p.</subfield>
    <subfield code="b">ill.</subfield>
  </datafield>
  <datafield tag="650" ind1=" " ind2="2">
    <subfield code="a">Cholecystectomy.</subfield>
    <subfield code="0">(nnnam)130573</subfield>
  </datafield>
  <datafield tag="650" ind1=" " ind2="2">
    <subfield code="a">Cholecystitis.</subfield>
    <subfield code="0">(nnnam)130576</subfield>
  </datafield>
  <datafield tag="902" ind1=" " ind2=" ">
    <subfield code="a">040408</subfield>
  </datafield>
  <datafield tag="910" ind1=" " ind2=" ">
    <subfield code="a">5401</subfield>
  </datafield>
  <datafield tag="998" ind1=" " ind2=" ">
    <subfield code="b">1</subfield>
    <subfield code="c">020506</subfield>
    <subfield code="d">m</subfield>
    <subfield code="e">a</subfield>
    <subfield code="f">-</subfield>
    <subfield code="g">0</subfield>
  </datafield>
  <datafield tag="999" ind1=" " ind2=" ">
    <subfield code="c">76</subfield>
    <subfield code="d">76</subfield>
  </datafield>
  <datafield tag="952" ind1=" " ind2=" ">
    <subfield code="w">2009-07-16</subfield>
    <subfield code="y">MAIN</subfield>
    <subfield code="r">2009-07-16</subfield>
    <subfield code="4">0</subfield>
    <subfield code="0">0</subfield>
    <subfield code="6">WI_770_A94_1963</subfield>
    <subfield code="9">76</subfield>
    <subfield code="b">NYAM</subfield>
    <subfield code="1">0</subfield>
    <subfield code="o">WI 770 A94 1963</subfield>
    <subfield code="d">2004-05-24</subfield>
    <subfield code="t">1</subfield>
    <subfield code="8">GENERAL</subfield>
    <subfield code="7">0</subfield>
    <subfield code="c">MBKSO</subfield>
    <subfield code="2">z</subfield>
    <subfield code="a">NYAM</subfield>
  </datafield>
</record>