
<?xml version="1.0" encoding="UTF-8"?>
<record
    xmlns:xsi="http://www.w3.org/2001/XMLSchema-instance"
    xsi:schemaLocation="http://www.loc.gov/MARC21/slim http://www.loc.gov/standards/marcxml/schema/MARC21slim.xsd"
    xmlns="http://www.loc.gov/MARC21/slim">

  <leader>01817cam a2200385 i 4500</leader>
  <controlfield tag="001">21881</controlfield>
  <controlfield tag="005">20020426081234.0</controlfield>
  <controlfield tag="008">770207s1977    ne a     b    101 0 eng  </controlfield>
  <datafield tag="010" ind1=" " ind2=" ">
    <subfield code="a">77001802</subfield>
  </datafield>
  <datafield tag="020" ind1=" " ind2=" ">
    <subfield code="a">0720404622</subfield>
  </datafield>
  <datafield tag="035" ind1=" " ind2=" ">
    <subfield code="z">VOY21881</subfield>
  </datafield>
  <datafield tag="035" ind1=" " ind2=" ">
    <subfield code="9">.b10221153</subfield>
    <subfield code="b">mbks </subfield>
    <subfield code="c">-</subfield>
  </datafield>
  <datafield tag="035" ind1=" " ind2=" ">
    <subfield code="9">.b10221153</subfield>
    <subfield code="b">mbks </subfield>
    <subfield code="c">-</subfield>
  </datafield>
  <datafield tag="035" ind1=" " ind2=" ">
    <subfield code="a">(OCoLC)ocm02798000</subfield>
  </datafield>
  <datafield tag="040" ind1=" " ind2=" ">
    <subfield code="a">DLC</subfield>
    <subfield code="c">DLC</subfield>
    <subfield code="d">UCH</subfield>
    <subfield code="d">JHW</subfield>
    <subfield code="d">VVK</subfield>
    <subfield code="d">WaOLN</subfield>
  </datafield>
  <datafield tag="049" ind1=" " ind2=" ">
    <subfield code="a">VVKM</subfield>
  </datafield>
  <datafield tag="050" ind1="0" ind2=" ">
    <subfield code="a">R864</subfield>
    <subfield code="b">.I17 1976</subfield>
  </datafield>
  <datafield tag="060" ind1=" " ind2=" ">
    <subfield code="a">W 26.5 I1035r 1976</subfield>
  </datafield>
  <datafield tag="111" ind1="2" ind2=" ">
    <subfield code="a">IFIP-WG 4.2 Working Conference on Realization of Data Protection in Health Information Systems,</subfield>
    <subfield code="d">(1976 :</subfield>
    <subfield code="c">Kiel)</subfield>
    <subfield code="0">(nnnam)150451</subfield>
  </datafield>
  <datafield tag="245" ind1="1" ind2="0">
    <subfield code="a">Realization of data protection in health information systems :</subfield>
    <subfield code="b">proceedings of the IFIP-WG 4.2 Working Conference on Realization of Data Protection in Health Information Systems, Kiel, 23-25 June 1976 /</subfield>
    <subfield code="c">edited by G. Griesser, in collaboration with J. Anderson ... [et al.].</subfield>
  </datafield>
  <datafield tag="260" ind1="0" ind2=" ">
    <subfield code="a">Amsterdam ;</subfield>
    <subfield code="a">New York :</subfield>
    <subfield code="b">North Holland Pub. Co. ;</subfield>
    <subfield code="a">New York :</subfield>
    <subfield code="b">sole distributors for the U.S.A. and Canada, Elsevier/North-Holland,</subfield>
    <subfield code="c">1977.</subfield>
  </datafield>
  <datafield tag="300" ind1=" " ind2=" ">
    <subfield code="a">xvi, 214 p. :</subfield>
    <subfield code="b">ill. ;</subfield>
    <subfield code="c">23 cm.</subfield>
  </datafield>
  <datafield tag="500" ind1=" " ind2=" ">
    <subfield code="a">Organized by IFIP Technical Committee 4, Information Processing in Medicine, International Federation for Information Processing.</subfield>
  </datafield>
  <datafield tag="504" ind1=" " ind2=" ">
    <subfield code="a">Includes bibliographies and indexes.</subfield>
  </datafield>
  <datafield tag="650" ind1=" " ind2="2">
    <subfield code="a">Computers</subfield>
    <subfield code="v">Congresses.</subfield>
    <subfield code="0">(nnnam)150348</subfield>
  </datafield>
  <datafield tag="650" ind1=" " ind2="2">
    <subfield code="a">Medical Records</subfield>
    <subfield code="v">Congresses.</subfield>
    <subfield code="0">(nnnam)150452</subfield>
  </datafield>
  <datafield tag="650" ind1=" " ind2="2">
    <subfield code="a">Information Systems</subfield>
    <subfield code="v">Congresses.</subfield>
    <subfield code="0">(nnnam)150349</subfield>
  </datafield>
  <datafield tag="650" ind1=" " ind2="2">
    <subfield code="a">Confidentiality.</subfield>
    <subfield code="0">(nnnam)131174</subfield>
  </datafield>
  <datafield tag="700" ind1="1" ind2=" ">
    <subfield code="a">Griesser, G.</subfield>
    <subfield code="0">(nnnam)150453</subfield>
  </datafield>
  <datafield tag="700" ind1="1" ind2=" ">
    <subfield code="a">Anderson, John,</subfield>
    <subfield code="d">1921-</subfield>
    <subfield code="0">(nnnam)39649</subfield>
  </datafield>
  <datafield tag="710" ind1="2" ind2=" ">
    <subfield code="a">International Federation for Information Processing.</subfield>
    <subfield code="b">Technical Committee 4.</subfield>
    <subfield code="0">(nnnam)90545</subfield>
  </datafield>
  <datafield tag="902" ind1=" " ind2=" ">
    <subfield code="a">020506</subfield>
  </datafield>
  <datafield tag="910" ind1=" " ind2=" ">
    <subfield code="a">21881</subfield>
  </datafield>
  <datafield tag="998" ind1=" " ind2=" ">
    <subfield code="b">1</subfield>
    <subfield code="c">020506</subfield>
    <subfield code="d">m</subfield>
    <subfield code="e">a</subfield>
    <subfield code="f">-</subfield>
    <subfield code="g">0</subfield>
  </datafield>
  <datafield tag="999" ind1=" " ind2=" ">
    <subfield code="c">96</subfield>
    <subfield code="d">96</subfield>
  </datafield>
  <datafield tag="952" ind1=" " ind2=" ">
    <subfield code="w">2009-07-16</subfield>
    <subfield code="p">3068100630633</subfield>
    <subfield code="y">MAIN</subfield>
    <subfield code="r">2009-07-16</subfield>
    <subfield code="4">0</subfield>
    <subfield code="0">0</subfield>
    <subfield code="6">W_265_I1035R_1976</subfield>
    <subfield code="9">96</subfield>
    <subfield code="b">NYAM</subfield>
    <subfield code="1">0</subfield>
    <subfield code="o">W 26.5 I1035r 1976</subfield>
    <subfield code="d">2004-05-24</subfield>
    <subfield code="t">1</subfield>
    <subfield code="8">GENERAL</subfield>
    <subfield code="7">0</subfield>
    <subfield code="c">MBKSO</subfield>
    <subfield code="2">z</subfield>
    <subfield code="a">NYAM</subfield>
  </datafield>
</record>